@article{barrett2004teleportation,
  title={Deterministic quantum teleportation of atomic qubits},
  author={Barrett, MD and Chiaverini, J and Schaetz, T and Britton, J and Itano, WM and Jost, JD and Knill, E and Langer, C and Leibfried, D and Ozeri, R and others},
  journal={Nature},
  volume={429},
  number={6993},
  pages={737--739},
  year={2004},
  publisher={Nature Publishing Group}
}

@article{bennett1992superdense,
	title={Communication via one-and two-particle operators on Einstein-Podolsky-Rosen states},
	author={Bennett, Charles H and Wiesner, Stephen J},
	journal={Physical review letters},
	volume={69},
	number={20},
	pages={2881},
	year={1992},
	publisher={APS}
}

@article{feynman1982simulating,
	title={Simulating physics with computers},
	author={Feynman, Richard P},
	journal={International journal of theoretical physics},
	volume={21},
	number={6},
	pages={467--488},
	year={1982},
	publisher={Springer}
}

@article{bennett1996concentrating,
	title={Concentrating partial entanglement by local operations},
	author={Bennett, Charles H and Bernstein, Herbert J and Popescu, Sandu and Schumacher, Benjamin},
	journal={Physical Review A},
	volume={53},
	number={4},
	pages={2046},
	year={1996},
	publisher={APS}
}

@article{shannon2001communication,
	title={A mathematical theory of communication},
	author={Shannon, Claude Elwood},
	journal={ACM SIGMOBILE Mobile Computing and Communications Review},
	volume={5},
	number={1},
	pages={3--55},
	year={2001},
	publisher={ACM}
}